01REMESSA01COBRANCA       00000000000004092614EDTESP ED NACIONAL DE GUIAS E 237BRADESCO       090522        MX0101416                                                                                                                                                                                                                                                                                     000001
100000 000000000000 00090009101795686                         0002020000000005934200000000002               0129761     16052200000000500000000000099N090522000000000000001650000000000000000000000000000000000000000000000203394229000146JCD NEGOCIOS IMOBILIARIOS LTDA          ALAMEDA RIO NEGRO 184 SAL 25                        06454000                                                            000002
100000 000000000000 00090009101795686                         0002020000000005935000000000002               0129762     15062200000000500000000000099N090522000000000000001650000000000000000000000000000000000000000000000203394229000146JCD NEGOCIOS IMOBILIARIOS LTDA          ALAMEDA RIO NEGRO 184 SAL 25                        06454000                                                            000003
9                                                                                                                                                                                                                                                                                                                                                                                                         000004
