01REMESSA01COBRANCA       00000000000004092614EDTESP ED NACIONAL DE GUIAS E 237BRADESCO       090522        MX0101417                                                                                                                                                                                                                                                                                     000001
100000 000000000000 00090009101795686                         0002020000000005936900000000002               0129763     10052200000000500000000000099N090522000000000000001650000000000000000000000000000000000000000000000100013690956862PAULO ROBERTO CID                       RUA HENRIQUE BERNARDELLI 136                        02013010                                                            000002
100000 000000000000 00090009101795686                         0002020000000005937700000000002               0129764     09062200000000500000000000099N090522000000000000001650000000000000000000000000000000000000000000000100013690956862PAULO ROBERTO CID                       RUA HENRIQUE BERNARDELLI 136                        02013010                                                            000003
9                                                                                                                                                                                                                                                                                                                                                                                                         000004
