01REMESSA01COBRANCA       00000000000004092614LISTAFACIL EDITORA NACIONAL DE237BRADESCO       300119        MX0000006                                                                                                                                                                                                                                                                                     000001
100000 000000000000 00090009101795686                         0000000000000000022400000000002               0123        15051900000000090000000000099N300119000000000000000000000000000000000000000000000000000000000000000231534500000137ARTUR FERREIRA TAVARES JUNIOR ME        RUA MARIA VALDEREZ CONTI 12                         07051140                                                            000002
100000 000000000000 00090009101795686                         0000000000000000023200000000002               0124        14061900000000090000000000099N300119000000000000000000000000000000000000000000000000000000000000000231534500000137ARTUR FERREIRA TAVARES JUNIOR ME        RUA MARIA VALDEREZ CONTI 12                         07051140                                                            000003
9                                                                                                                                                                                                                                                                                                                                                                                                         000004
