01REMESSA01COBRANCA       00000000000004255821LISTAFACIL EDITORA NACIONAL DE237BRADESCO       060419        MX0000006                                                                                                                                                                                                                                                                                     000001
100000 000000000000 00090009102632888                         0000000000000000029100000000002               0182        07041900000000200000000000099N060419000000000000000000000000000000000000000000000000000000000000000231534500000137ARTUR FERREIRA TAVARES JUNIOR ME        RUA MARIA VALDEREZ CONTI 12                         07051140                                                            000002
9                                                                                                                                                                                                                                                                                                                                                                                                         000003
