01REMESSA01COBRANCA       00000000000004092614GUIAFAZ EDITORA NACIONAL DE GU237BRADESCO       240419        MX0000511                                                                                                                                                                                                                                                                                     000001
100000 000000000000 00090009101795686                         0000000001000000033500000000002               01108       25041900000000000000000000099N240419000000000000000000000000000000000000000000000000000000000000000100013690956862PAULO ROBERTO                           RUA FREI CANECA  171 62                             01307001                                                            000002
100000 000000000000 00090009101795686                         0000000001000000037800000000002               01113       25041900000000066670000000099N240419000000000000000000000000000000000000000000000000000000000000000231534500000137EMPRESA DE TESTE                        RUA MARIA VALDEREZ CONTI 12                         07051140                                                            000003
100000 000000000000 00090009101795686                         0000000001000000038600000000002               01114       25041900000000066670000000099N240419000000000000000000000000000000000000000000000000000000000000000231534500000137EMPRESA DE TESTE                        RUA MARIA VALDEREZ CONTI 12                         07051140                                                            000004
100000 000000000000 00090009101795686                         0000000001000000039400000000002               01115       20051900000000066670000000099N240419000000000000000000000000000000000000000000000000000000000000000231534500000137EMPRESA DE TESTE                        RUA MARIA VALDEREZ CONTI 12                         07051140                                                            000005
100000 000000000000 00090009101795686                         0000000001000000040800000000002               01116       25041900000000160000000000099N240419000000000000000000000000000000000000000000000000000000000000000231534500000137EMPRESA DE TESTE                        RUA MARIA VALDEREZ CONTI 12                         07051140                                                            000006
9                                                                                                                                                                                                                                                                                                                                                                                                         000007
