01REMESSA01COBRANCA       00000000000004092614EDTESP ED NACIONAL DE GUIAS E 237BRADESCO       040219        MX0000011                                                                                                                                                                                                                                                                                     000001
100000 000000000000 00090009101795686                         0000000000000978504600000000002               0150        07031900000000800000000000099N040219000000000000000000000000000000000000000000000000000000000000000231534500000137ARTUR FERREIRA TAVARES JUNIOR ME        RUA MARIA VALDEREZ CONTI 12                         07051140                                                            000002
9                                                                                                                                                                                                                                                                                                                                                                                                         000003
