01REMESSA01COBRANCA       00000000000000179568EDTESP ED NACIONAL DE GUIAS E 237BRADESCO       060119        MX0000001                                                                                                                                                                                                                                                                                     000001
100000 000000000000 00090009101795686                         0000000000000000035600000000002               0173        07011900000000200000000000099N060119000000000000000000000000000000000000000000000000000000000000000231534500000137ARTUR FERREIRA TAVARES JUNIOR           RUA DOUTOR ZUQUIM 12                                02035011                                                            000002
100000 000000000000 00090009101795686                         0000000000000000036400000000002               0136        04021900000000160000000000099N060119000000000000000000000000000000000000000000000000000000000000000231534500000137ARTUR FERREIRA TAVARES JUNIOR           RUA DOUTOR ZUQUIM 12                                02035011                                                            000003
100000 000000000000 00090009101795686                         0000000000000000037200000000002               0137        06031900000000160000000000099N060119000000000000000000000000000000000000000000000000000000000000000231534500000137ARTUR FERREIRA TAVARES JUNIOR           RUA DOUTOR ZUQUIM 12                                02035011                                                            000004
100000 000000000000 00090009101795686                         0000000000000000038000000000002               0138        05041900000000160000000000099N060119000000000000000000000000000000000000000000000000000000000000000231534500000137ARTUR FERREIRA TAVARES JUNIOR           RUA DOUTOR ZUQUIM 12                                02035011                                                            000005
100000 000000000000 00090009101795686                         0000000000000000039900000000002               0139        06051900000000160000000000099N060119000000000000000000000000000000000000000000000000000000000000000231534500000137ARTUR FERREIRA TAVARES JUNIOR           RUA DOUTOR ZUQUIM 12                                02035011                                                            000006
100000 000000000000 00090009101795686                         0000000000000000040200000000002               0140        04061900000000160000000000099N060119000000000000000000000000000000000000000000000000000000000000000231534500000137ARTUR FERREIRA TAVARES JUNIOR           RUA DOUTOR ZUQUIM 12                                02035011                                                            000007
100000 000000000000 00090009101795686                         0000000000000000041000000000002               0141        07011900000000166670000000099N060119000000000000000000000000000000000000000000000000000000000000000231534500000137ARTUR FERREIRA TAVARES JUNIOR           RUA DOUTOR ZUQUIM 12                                02035011                                                            000008
100000 000000000000 00090009101795686                         0000000000000000042900000000002               0142        04021900000000166670000000099N060119000000000000000000000000000000000000000000000000000000000000000231534500000137ARTUR FERREIRA TAVARES JUNIOR           RUA DOUTOR ZUQUIM 12                                02035011                                                            000009
100000 000000000000 00090009101795686                         0000000000000000043700000000002               0143        06031900000000166670000000099N060119000000000000000000000000000000000000000000000000000000000000000231534500000137ARTUR FERREIRA TAVARES JUNIOR           RUA DOUTOR ZUQUIM 12                                02035011                                                            000010
100000 000000000000 00090009101795686                         0000000000000000044500000000002               0144        05041900000000166670000000099N060119000000000000000000000000000000000000000000000000000000000000000231534500000137ARTUR FERREIRA TAVARES JUNIOR           RUA DOUTOR ZUQUIM 12                                02035011                                                            000011
100000 000000000000 00090009101795686                         0000000000000000045300000000002               0145        06051900000000166670000000099N060119000000000000000000000000000000000000000000000000000000000000000231534500000137ARTUR FERREIRA TAVARES JUNIOR           RUA DOUTOR ZUQUIM 12                                02035011                                                            000012
100000 000000000000 00090009101795686                         0000000000000000046100000000002               0146        04061900000000166670000000099N060119000000000000000000000000000000000000000000000000000000000000000231534500000137ARTUR FERREIRA TAVARES JUNIOR           RUA DOUTOR ZUQUIM 12                                02035011                                                            000013
100000 000000000000 00090009101795686                         0000000000000000047P00000000002               0147        07011900000000166670000000099N060119000000000000000000000000000000000000000000000000000000000000000231534500000137ARTUR FERREIRA TAVARES JUNIOR           RUA DOUTOR ZUQUIM 12                                02035011                                                            000014
100000 000000000000 00090009101795686                         0000000000000000048800000000002               0148        04021900000000166670000000099N060119000000000000000000000000000000000000000000000000000000000000000231534500000137ARTUR FERREIRA TAVARES JUNIOR           RUA DOUTOR ZUQUIM 12                                02035011                                                            000015
100000 000000000000 00090009101795686                         0000000000000000049600000000002               0149        06031900000000166670000000099N060119000000000000000000000000000000000000000000000000000000000000000231534500000137ARTUR FERREIRA TAVARES JUNIOR           RUA DOUTOR ZUQUIM 12                                02035011                                                            000016
100000 000000000000 00090009101795686                         0000000000000000050P00000000002               0150        05041900000000166670000000099N060119000000000000000000000000000000000000000000000000000000000000000231534500000137ARTUR FERREIRA TAVARES JUNIOR           RUA DOUTOR ZUQUIM 12                                02035011                                                            000017
100000 000000000000 00090009101795686                         0000000000000000051800000000002               0151        06051900000000166670000000099N060119000000000000000000000000000000000000000000000000000000000000000231534500000137ARTUR FERREIRA TAVARES JUNIOR           RUA DOUTOR ZUQUIM 12                                02035011                                                            000018
100000 000000000000 00090009101795686                         0000000000000000052600000000002               0152        04061900000000166670000000099N060119000000000000000000000000000000000000000000000000000000000000000231534500000137ARTUR FERREIRA TAVARES JUNIOR           RUA DOUTOR ZUQUIM 12                                02035011                                                            000019
100000 000000000000 00090009101795686                         0000000000000000053400000000002               0153        07011900000000166670000000099N060119000000000000000000000000000000000000000000000000000000000000000231534500000137ARTUR FERREIRA TAVARES JUNIOR           RUA DOUTOR ZUQUIM 12                                02035011                                                            000020
100000 000000000000 00090009101795686                         0000000000000000054200000000002               0154        04021900000000166670000000099N060119000000000000000000000000000000000000000000000000000000000000000231534500000137ARTUR FERREIRA TAVARES JUNIOR           RUA DOUTOR ZUQUIM 12                                02035011                                                            000021
100000 000000000000 00090009101795686                         0000000000000000055000000000002               0155        06031900000000166670000000099N060119000000000000000000000000000000000000000000000000000000000000000231534500000137ARTUR FERREIRA TAVARES JUNIOR           RUA DOUTOR ZUQUIM 12                                02035011                                                            000022
100000 000000000000 00090009101795686                         0000000000000000056900000000002               0156        05041900000000166670000000099N060119000000000000000000000000000000000000000000000000000000000000000231534500000137ARTUR FERREIRA TAVARES JUNIOR           RUA DOUTOR ZUQUIM 12                                02035011                                                            000023
100000 000000000000 00090009101795686                         0000000000000000057700000000002               0157        06051900000000166670000000099N060119000000000000000000000000000000000000000000000000000000000000000231534500000137ARTUR FERREIRA TAVARES JUNIOR           RUA DOUTOR ZUQUIM 12                                02035011                                                            000024
100000 000000000000 00090009101795686                         0000000000000000058500000000002               0158        04061900000000166670000000099N060119000000000000000000000000000000000000000000000000000000000000000231534500000137ARTUR FERREIRA TAVARES JUNIOR           RUA DOUTOR ZUQUIM 12                                02035011                                                            000025
100000 000000000000 00090009101795686                         0000000000000000059300000000002               0159        07011900000000166670000000099N060119000000000000000000000000000000000000000000000000000000000000000231534500000137ARTUR FERREIRA TAVARES JUNIOR           RUA DOUTOR ZUQUIM 12                                02035011                                                            000026
100000 000000000000 00090009101795686                         0000000000000000060700000000002               0160        04021900000000166670000000099N060119000000000000000000000000000000000000000000000000000000000000000231534500000137ARTUR FERREIRA TAVARES JUNIOR           RUA DOUTOR ZUQUIM 12                                02035011                                                            000027
100000 000000000000 00090009101795686                         0000000000000000061500000000002               0161        06031900000000166670000000099N060119000000000000000000000000000000000000000000000000000000000000000231534500000137ARTUR FERREIRA TAVARES JUNIOR           RUA DOUTOR ZUQUIM 12                                02035011                                                            000028
100000 000000000000 00090009101795686                         0000000000000000062300000000002               0162        05041900000000166670000000099N060119000000000000000000000000000000000000000000000000000000000000000231534500000137ARTUR FERREIRA TAVARES JUNIOR           RUA DOUTOR ZUQUIM 12                                02035011                                                            000029
100000 000000000000 00090009101795686                         0000000000000000063100000000002               0163        06051900000000166670000000099N060119000000000000000000000000000000000000000000000000000000000000000231534500000137ARTUR FERREIRA TAVARES JUNIOR           RUA DOUTOR ZUQUIM 12                                02035011                                                            000030
100000 000000000000 00090009101795686                         0000000000000000064P00000000002               0164        04061900000000166670000000099N060119000000000000000000000000000000000000000000000000000000000000000231534500000137ARTUR FERREIRA TAVARES JUNIOR           RUA DOUTOR ZUQUIM 12                                02035011                                                            000031
9                                                                                                                                                                                                                                                                                                                                                                                                         000032
