01REMESSA01COBRANCA       00000000000000179568EDTESP ED NACIONAL DE GUIAS E 237BRADESCO       060119        MX0000001                                                                                                                                                                                                                                                                                     000001
100000 000000000000 00090009101795686                         0000000000000000029100000000002               0182        07011900000000166670000000099N060119000000000000000000000000000000000000000000000000000000000000000231534500000137ARTUR FERREIRA TAVARES JUNIOR           RUA DOUTOR ZUQUIM 12                                02035011                                                            000002
100000 000000000000 00090009101795686                         0000000000000000030500000000002               0183        04021900000000166670000000099N060119000000000000000000000000000000000000000000000000000000000000000231534500000137ARTUR FERREIRA TAVARES JUNIOR           RUA DOUTOR ZUQUIM 12                                02035011                                                            000003
100000 000000000000 00090009101795686                         0000000000000000031300000000002               0184        04031900000000166670000000099N060119000000000000000000000000000000000000000000000000000000000000000231534500000137ARTUR FERREIRA TAVARES JUNIOR           RUA DOUTOR ZUQUIM 12                                02035011                                                            000004
100000 000000000000 00090009101795686                         0000000000000000032100000000002               0185        03041900000000166670000000099N060119000000000000000000000000000000000000000000000000000000000000000231534500000137ARTUR FERREIRA TAVARES JUNIOR           RUA DOUTOR ZUQUIM 12                                02035011                                                            000005
100000 000000000000 00090009101795686                         0000000000000000033P00000000002               0186        03051900000000166670000000099N060119000000000000000000000000000000000000000000000000000000000000000231534500000137ARTUR FERREIRA TAVARES JUNIOR           RUA DOUTOR ZUQUIM 12                                02035011                                                            000006
100000 000000000000 00090009101795686                         0000000000000000034800000000002               0187        03061900000000166670000000099N060119000000000000000000000000000000000000000000000000000000000000000231534500000137ARTUR FERREIRA TAVARES JUNIOR           RUA DOUTOR ZUQUIM 12                                02035011                                                            000007
9                                                                                                                                                                                                                                                                                                                                                                                                         000008
