01REMESSA01COBRANCA       00000000000000179568EDTESP ED NACIONAL DE GUIAS E 237BRADESCO       090119        MX0000001                                                                                                                                                                                                                                                                                     000001
100000 000000000000 00090009101795686                         0000000000000000007000000000002               011         09011900000000166670000000099N090119000000000000000000000000000000000000000000000000000000000000000231534500000137ARTUR FERREIRA TAVARES JUNIOR ME        RUA MARIA VALDEREZ CONTI 12                         07051140                                                            000002
100000 000000000000 00090009101795686                         0000000000000000008900000000002               012         06021900000000166670000000099N090119000000000000000000000000000000000000000000000000000000000000000231534500000137ARTUR FERREIRA TAVARES JUNIOR ME        RUA MARIA VALDEREZ CONTI 12                         07051140                                                            000003
100000 000000000000 00090009101795686                         0000000000000000009700000000002               013         08031900000000166670000000099N090119000000000000000000000000000000000000000000000000000000000000000231534500000137ARTUR FERREIRA TAVARES JUNIOR ME        RUA MARIA VALDEREZ CONTI 12                         07051140                                                            000004
100000 000000000000 00090009101795686                         0000000000000000010000000000002               014         08041900000000166670000000099N090119000000000000000000000000000000000000000000000000000000000000000231534500000137ARTUR FERREIRA TAVARES JUNIOR ME        RUA MARIA VALDEREZ CONTI 12                         07051140                                                            000005
100000 000000000000 00090009101795686                         0000000000000000011900000000002               015         07051900000000166670000000099N090119000000000000000000000000000000000000000000000000000000000000000231534500000137ARTUR FERREIRA TAVARES JUNIOR ME        RUA MARIA VALDEREZ CONTI 12                         07051140                                                            000006
100000 000000000000 00090009101795686                         0000000000000000012700000000002               016         06061900000000166670000000099N090119000000000000000000000000000000000000000000000000000000000000000231534500000137ARTUR FERREIRA TAVARES JUNIOR ME        RUA MARIA VALDEREZ CONTI 12                         07051140                                                            000007
9                                                                                                                                                                                                                                                                                                                                                                                                         000008
