01REMESSA01COBRANCA       00000000000000179568GUIAFAZ EDITORA NACIONAL DE GU237BRADESCO       140119        MX0000003                                                                                                                                                                                                                                                                                     000001
100000 000000000000 00090009101795686                         0000000000000000007000000000002               0113        15011900000000166670000000099N140119000000000000000000000000000000000000000000000000000000000000000231534500000137ARTUR FERREIRA TAVARES JUNIOR ME        RUA MARIA VALDEREZ CONTI 12                         07051140                                                            000002
100000 000000000000 00090009101795686                         0000000000000000008900000000002               0114        14021900000000166670000000099N140119000000000000000000000000000000000000000000000000000000000000000231534500000137ARTUR FERREIRA TAVARES JUNIOR ME        RUA MARIA VALDEREZ CONTI 12                         07051140                                                            000003
100000 000000000000 00090009101795686                         0000000000000000009700000000002               0115        18031900000000166670000000099N140119000000000000000000000000000000000000000000000000000000000000000231534500000137ARTUR FERREIRA TAVARES JUNIOR ME        RUA MARIA VALDEREZ CONTI 12                         07051140                                                            000004
100000 000000000000 00090009101795686                         0000000000000000010000000000002               0116        15041900000000166670000000099N140119000000000000000000000000000000000000000000000000000000000000000231534500000137ARTUR FERREIRA TAVARES JUNIOR ME        RUA MARIA VALDEREZ CONTI 12                         07051140                                                            000005
100000 000000000000 00090009101795686                         0000000000000000011900000000002               0117        15051900000000166670000000099N140119000000000000000000000000000000000000000000000000000000000000000231534500000137ARTUR FERREIRA TAVARES JUNIOR ME        RUA MARIA VALDEREZ CONTI 12                         07051140                                                            000006
100000 000000000000 00090009101795686                         0000000000000000012700000000002               0118        14061900000000166670000000099N140119000000000000000000000000000000000000000000000000000000000000000231534500000137ARTUR FERREIRA TAVARES JUNIOR ME        RUA MARIA VALDEREZ CONTI 12                         07051140                                                            000007
9                                                                                                                                                                                                                                                                                                                                                                                                         000008
