01REMESSA01COBRANCA       00000000000004255821EDTESP ED NACIONAL DE GUIAS E 237BRADESCO       060419        MX0000004                                                                                                                                                                                                                                                                                     000001
100000 000000000000 00090009102632888                         0000000000000000018600000000002               0170        07041900000000180000000000099N060419000000000000000000000000000000000000000000000000000000000000000231534500000137ARTUR FERREIRA TAVARES JUNIOR ME        RUA MARIA VALDEREZ CONTI 12                         07051140                                                            000002
100000 000000000000 00090009102632888                         0000000000000000019400000000002               0171        22041900000000180000000000099N060419000000000000000000000000000000000000000000000000000000000000000231534500000137ARTUR FERREIRA TAVARES JUNIOR ME        RUA MARIA VALDEREZ CONTI 12                         07051140                                                            000003
100000 000000000000 00090009102632888                         0000000000000000020800000000002               0172        22051900000000180000000000099N060419000000000000000000000000000000000000000000000000000000000000000231534500000137ARTUR FERREIRA TAVARES JUNIOR ME        RUA MARIA VALDEREZ CONTI 12                         07051140                                                            000004
100000 000000000000 00090009102632888                         0000000000000000021600000000002               0173        21061900000000180000000000099N060419000000000000000000000000000000000000000000000000000000000000000231534500000137ARTUR FERREIRA TAVARES JUNIOR ME        RUA MARIA VALDEREZ CONTI 12                         07051140                                                            000005
100000 000000000000 00090009102632888                         0000000000000000022400000000002               0174        22071900000000180000000000099N060419000000000000000000000000000000000000000000000000000000000000000231534500000137ARTUR FERREIRA TAVARES JUNIOR ME        RUA MARIA VALDEREZ CONTI 12                         07051140                                                            000006
9                                                                                                                                                                                                                                                                                                                                                                                                         000007
