01REMESSA01COBRANCA       00000000000004092614CLANESP EDITORA NACIONAL DE GU237BRADESCO       300119        MX0000010                                                                                                                                                                                                                                                                                     000001
100000 000000000000 00090009101795686                         0000000000000000036400000000002               0137        31011900000000500000000000099N300119000000000000000000000000000000000000000000000000000000000000000231534500000137ARTUR FERREIRA TAVARES JUNIOR ME        RUA MARIA VALDEREZ CONTI 12                         07051140                                                            000002
100000 000000000000 00090009101795686                         0000000000000000037200000000002               0138        01031900000000200000000000099N300119000000000000000000000000000000000000000000000000000000000000000231534500000137ARTUR FERREIRA TAVARES JUNIOR ME        RUA MARIA VALDEREZ CONTI 12                         07051140                                                            000003
100000 000000000000 00090009101795686                         0000000000000000038000000000002               0139        01041900000000200000000000099N300119000000000000000000000000000000000000000000000000000000000000000231534500000137ARTUR FERREIRA TAVARES JUNIOR ME        RUA MARIA VALDEREZ CONTI 12                         07051140                                                            000004
100000 000000000000 00090009101795686                         0000000000000000039900000000002               0140        30041900000000200000000000099N300119000000000000000000000000000000000000000000000000000000000000000231534500000137ARTUR FERREIRA TAVARES JUNIOR ME        RUA MARIA VALDEREZ CONTI 12                         07051140                                                            000005
100000 000000000000 00090009101795686                         0000000000000000040200000000002               0141        30051900000000200000000000099N300119000000000000000000000000000000000000000000000000000000000000000231534500000137ARTUR FERREIRA TAVARES JUNIOR ME        RUA MARIA VALDEREZ CONTI 12                         07051140                                                            000006
100000 000000000000 00090009101795686                         0000000000000000041000000000002               0142        01071900000000200000000000099N300119000000000000000000000000000000000000000000000000000000000000000231534500000137ARTUR FERREIRA TAVARES JUNIOR ME        RUA MARIA VALDEREZ CONTI 12                         07051140                                                            000007
9                                                                                                                                                                                                                                                                                                                                                                                                         000008
