01REMESSA01COBRANCA       00000000000004092614LISTAFACIL EDITORA NACIONAL DE237BRADESCO       240419        MX0000512                                                                                                                                                                                                                                                                                     000001
100000 000000000000 00090009101795686                         0000000001000000034300000000002               01109       25041900000000083330000000099N240419000000000000000000000000000000000000000000000000000000000000000231534500000137EMPRESA DE TESTE                        RUA MARIA VALDEREZ CONTI 12                         07051140                                                            000002
100000 000000000000 00090009101795686                         0000000001000000035100000000002               01110       25041900000000083330000000099N240419000000000000000000000000000000000000000000000000000000000000000231534500000137EMPRESA DE TESTE                        RUA MARIA VALDEREZ CONTI 12                         07051140                                                            000003
100000 000000000000 00090009101795686                         0000000001000000036P00000000002               01111       20051900000000083330000000099N240419000000000000000000000000000000000000000000000000000000000000000231534500000137EMPRESA DE TESTE                        RUA MARIA VALDEREZ CONTI 12                         07051140                                                            000004
9                                                                                                                                                                                                                                                                                                                                                                                                         000005
