01REMESSA01COBRANCA       00000000000004092614EDTESP ED NACIONAL DE GUIAS E 237BRADESCO       240419        MX0000510                                                                                                                                                                                                                                                                                     000001
100000 000000000000 00090009101795686                         0000000001000000032700000000002               01106       25041900000000000000000000099N240419000000000000000000000000000000000000000000000000000000000000000100013690956862PAULO ROBERTO                           RUA FREI CANECA  171 62                             01307001                                                            000002
9                                                                                                                                                                                                                                                                                                                                                                                                         000003
