01REMESSA01COBRANCA       00000000000000179568CLANESP EDITORA NACIONAL DE GU237BRADESCO       140119        MX0000002                                                                                                                                                                                                                                                                                     000001
100000 000000000000 00090009101795686                         0000000000000000001100000000002               017         15011900000000166670000000099N140119000000000000000000000000000000000000000000000000000000000000000231534500000137ARTUR FERREIRA TAVARES JUNIOR ME        RUA MARIA VALDEREZ CONTI 12                         07051140                                                            000002
100000 000000000000 00090009101795686                         0000000000000000002P00000000002               018         14021900000000166670000000099N140119000000000000000000000000000000000000000000000000000000000000000231534500000137ARTUR FERREIRA TAVARES JUNIOR ME        RUA MARIA VALDEREZ CONTI 12                         07051140                                                            000003
100000 000000000000 00090009101795686                         0000000000000000003800000000002               019         18031900000000166670000000099N140119000000000000000000000000000000000000000000000000000000000000000231534500000137ARTUR FERREIRA TAVARES JUNIOR ME        RUA MARIA VALDEREZ CONTI 12                         07051140                                                            000004
100000 000000000000 00090009101795686                         0000000000000000004600000000002               0110        15041900000000166670000000099N140119000000000000000000000000000000000000000000000000000000000000000231534500000137ARTUR FERREIRA TAVARES JUNIOR ME        RUA MARIA VALDEREZ CONTI 12                         07051140                                                            000005
100000 000000000000 00090009101795686                         0000000000000000005400000000002               0111        15051900000000166670000000099N140119000000000000000000000000000000000000000000000000000000000000000231534500000137ARTUR FERREIRA TAVARES JUNIOR ME        RUA MARIA VALDEREZ CONTI 12                         07051140                                                            000006
100000 000000000000 00090009101795686                         0000000000000000006200000000002               0112        14061900000000166670000000099N140119000000000000000000000000000000000000000000000000000000000000000231534500000137ARTUR FERREIRA TAVARES JUNIOR ME        RUA MARIA VALDEREZ CONTI 12                         07051140                                                            000007
9                                                                                                                                                                                                                                                                                                                                                                                                         000008
