01REMESSA01COBRANCA       00000000000004255821CLANESP EDITORA NACIONAL DE GU237BRADESCO       180219        MX0000003                                                                                                                                                                                                                                                                                     000001
100000 000000000000 00090009102632888                         0000000000000000012700000000002               0157        19021900000000150000000000099N180219000000000000000000000000000000000000000000000000000000000000000231534500000137ARTUR FERREIRA TAVARES JUNIOR ME        RUA MARIA VALDEREZ CONTI 12                         07051140                                                            000002
100000 000000000000 00090009102632888                         0000000000000000013500000000002               0158        19021900000000170000000000099N180219000000000000000000000000000000000000000000000000000000000000000231534500000137ARTUR FERREIRA TAVARES JUNIOR ME        RUA MARIA VALDEREZ CONTI 12                         07051140                                                            000003
100000 000000000000 00090009102632888                         0000000000000000014300000000002               0159        18031900000000170000000000099N180219000000000000000000000000000000000000000000000000000000000000000231534500000137ARTUR FERREIRA TAVARES JUNIOR ME        RUA MARIA VALDEREZ CONTI 12                         07051140                                                            000004
100000 000000000000 00090009102632888                         0000000000000000015100000000002               0160        15041900000000170000000000099N180219000000000000000000000000000000000000000000000000000000000000000231534500000137ARTUR FERREIRA TAVARES JUNIOR ME        RUA MARIA VALDEREZ CONTI 12                         07051140                                                            000005
100000 000000000000 00090009102632888                         0000000000000000016P00000000002               0161        15051900000000170000000000099N180219000000000000000000000000000000000000000000000000000000000000000231534500000137ARTUR FERREIRA TAVARES JUNIOR ME        RUA MARIA VALDEREZ CONTI 12                         07051140                                                            000006
100000 000000000000 00090009102632888                         0000000000000000017800000000002               0162        14061900000000170000000000099N180219000000000000000000000000000000000000000000000000000000000000000231534500000137ARTUR FERREIRA TAVARES JUNIOR ME        RUA MARIA VALDEREZ CONTI 12                         07051140                                                            000007
9                                                                                                                                                                                                                                                                                                                                                                                                         000008
