01REMESSA01COBRANCA       00000000000000000000EDTESP ED NACIONAL DE GUIAS E 237BRADESCO       180219        MX0000001                                                                                                                                                                                                                                                                                     000001
100000 000000000000 00090009101795686                         0000000000000000001100000000002               0164        21031900000000170000000000099N180219000000000000000000000000000000000000000000000000000000000000000231534500000137ARTUR FERREIRA TAVARES JUNIOR ME        RUA MARIA VALDEREZ CONTI 12                         07051140                                                            000002
100000 000000000000 00090009101795686                         0000000000000000002P00000000002               0165        22041900000000170000000000099N180219000000000000000000000000000000000000000000000000000000000000000231534500000137ARTUR FERREIRA TAVARES JUNIOR ME        RUA MARIA VALDEREZ CONTI 12                         07051140                                                            000003
100000 000000000000 00090009101795686                         0000000000000000003800000000002               0166        20051900000000170000000000099N180219000000000000000000000000000000000000000000000000000000000000000231534500000137ARTUR FERREIRA TAVARES JUNIOR ME        RUA MARIA VALDEREZ CONTI 12                         07051140                                                            000004
100000 000000000000 00090009101795686                         0000000000000000004600000000002               0167        19061900000000170000000000099N180219000000000000000000000000000000000000000000000000000000000000000231534500000137ARTUR FERREIRA TAVARES JUNIOR ME        RUA MARIA VALDEREZ CONTI 12                         07051140                                                            000005
100000 000000000000 00090009101795686                         0000000000000000005400000000002               0168        19071900000000170000000000099N180219000000000000000000000000000000000000000000000000000000000000000231534500000137ARTUR FERREIRA TAVARES JUNIOR ME        RUA MARIA VALDEREZ CONTI 12                         07051140                                                            000006
9                                                                                                                                                                                                                                                                                                                                                                                                         000007
