01REMESSA01COBRANCA       00000000000000179568LISTAFACIL EDITORA NACIONAL DE237BRADESCO       140119        MX0000004                                                                                                                                                                                                                                                                                     000001
100000 000000000000 00090009101795686                         0000000000000000013500000000002               0119        15011900000000150000000000099N140119000000000000000000000000000000000000000000000000000000000000000231534500000137ARTUR FERREIRA TAVARES JUNIOR ME        RUA MARIA VALDEREZ CONTI 12                         07051140                                                            000002
100000 000000000000 00090009101795686                         0000000000000000014300000000002               0120        14021900000000090000000000099N140119000000000000000000000000000000000000000000000000000000000000000231534500000137ARTUR FERREIRA TAVARES JUNIOR ME        RUA MARIA VALDEREZ CONTI 12                         07051140                                                            000003
100000 000000000000 00090009101795686                         0000000000000000015100000000002               0121        18031900000000090000000000099N140119000000000000000000000000000000000000000000000000000000000000000231534500000137ARTUR FERREIRA TAVARES JUNIOR ME        RUA MARIA VALDEREZ CONTI 12                         07051140                                                            000004
100000 000000000000 00090009101795686                         0000000000000000016P00000000002               0122        15041900000000090000000000099N140119000000000000000000000000000000000000000000000000000000000000000231534500000137ARTUR FERREIRA TAVARES JUNIOR ME        RUA MARIA VALDEREZ CONTI 12                         07051140                                                            000005
9                                                                                                                                                                                                                                                                                                                                                                                                         000006
