01REMESSA01COBRANCA       00000000000004092614GUIAFAZ EDITORA NACIONAL DE GU237BRADESCO       240419        MX0000513                                                                                                                                                                                                                                                                                     000001
100000 000000000000 00090009101795686                         0000000001000000041600000000002               01117       25041900000000160000000000099N240419000000000000000000000000000000000000000000000000000000000000000231534500000137EMPRESA DE TESTE                        RUA MARIA VALDEREZ CONTI 12                         07051140                                                            000002
9                                                                                                                                                                                                                                                                                                                                                                                                         000003
