01REMESSA01COBRANCA       00000000000004092614EDTESP ED NACIONAL DE GUIAS E 237BRADESCO       300119        MX0000008                                                                                                                                                                                                                                                                                     000001
100000 000000000000 00090009101795686                         0000000000000000030500000000002               0131        31011900000000150000000000099N300119000000000000000000000000000000000000000000000000000000000000000231534500000137ARTUR FERREIRA TAVARES JUNIOR ME        RUA MARIA VALDEREZ CONTI 12                         07051140                                                            000002
100000 000000000000 00090009101795686                         0000000000000000031300000000002               0132        01031900000000170000000000099N300119000000000000000000000000000000000000000000000000000000000000000231534500000137ARTUR FERREIRA TAVARES JUNIOR ME        RUA MARIA VALDEREZ CONTI 12                         07051140                                                            000003
9                                                                                                                                                                                                                                                                                                                                                                                                         000004
