01REMESSA01COBRANCA       00000000000004092614EDITORA NACIONAL DE GUIAS E LI237BRADESCO       240419        MX0000509                                                                                                                                                                                                                                                                                     000001
100000 000000000000 00090009101795686                         0000000001000000031900000000002               01104       25041900000000350000000000099N240419000000000000000000000000000000000000000000000000000000000000000100045767545804CAMILA DE MELO LOPES                    RUA HENRIQUE BERNARDEL 136 9 ANDAR CJ 92            02013010                                                            000002
9                                                                                                                                                                                                                                                                                                                                                                                                         000003
