01REMESSA01COBRANCA       00000000000004255821CLANESP EDITORA NACIONAL DE GU237BRADESCO       060419        MX0000005                                                                                                                                                                                                                                                                                     000001
100000 000000000000 00090009102632888                         0000000000000000023200000000002               0175        07041900000000500000000000099N060419000000000000000000000000000000000000000000000000000000000000000231534500000137ARTUR FERREIRA TAVARES JUNIOR ME        RUA MARIA VALDEREZ CONTI 12                         07051140                                                            000002
100000 000000000000 00090009102632888                         0000000000000000024000000000002               0176        07041900000000200000000000099N060419000000000000000000000000000000000000000000000000000000000000000231534500000137ARTUR FERREIRA TAVARES JUNIOR ME        RUA MARIA VALDEREZ CONTI 12                         07051140                                                            000003
100000 000000000000 00090009102632888                         0000000000000000025900000000002               0177        22041900000000200000000000099N060419000000000000000000000000000000000000000000000000000000000000000231534500000137ARTUR FERREIRA TAVARES JUNIOR ME        RUA MARIA VALDEREZ CONTI 12                         07051140                                                            000004
100000 000000000000 00090009102632888                         0000000000000000026700000000002               0178        22051900000000200000000000099N060419000000000000000000000000000000000000000000000000000000000000000231534500000137ARTUR FERREIRA TAVARES JUNIOR ME        RUA MARIA VALDEREZ CONTI 12                         07051140                                                            000005
100000 000000000000 00090009102632888                         0000000000000000027500000000002               0179        21061900000000200000000000099N060419000000000000000000000000000000000000000000000000000000000000000231534500000137ARTUR FERREIRA TAVARES JUNIOR ME        RUA MARIA VALDEREZ CONTI 12                         07051140                                                            000006
100000 000000000000 00090009102632888                         0000000000000000028300000000002               0180        22071900000000200000000000099N060419000000000000000000000000000000000000000000000000000000000000000231534500000137ARTUR FERREIRA TAVARES JUNIOR ME        RUA MARIA VALDEREZ CONTI 12                         07051140                                                            000007
9                                                                                                                                                                                                                                                                                                                                                                                                         000008
