01REMESSA01COBRANCA       00000000000004092614EDITORA NACIONAL DE GUIAS E LI237BRADESCO       300119        MX0000007                                                                                                                                                                                                                                                                                     000001
100000 000000000000 00090009101795686                         0000000000000000024000000000002               0125        31011900000000093330000000099N300119000000000000000000000000000000000000000000000000000000000000000231534500000137ARTUR FERREIRA TAVARES JUNIOR ME        RUA MARIA VALDEREZ CONTI 12                         07051140                                                            000002
100000 000000000000 00090009101795686                         0000000000000000025900000000002               0126        14021900000000093330000000099N300119000000000000000000000000000000000000000000000000000000000000000231534500000137ARTUR FERREIRA TAVARES JUNIOR ME        RUA MARIA VALDEREZ CONTI 12                         07051140                                                            000003
100000 000000000000 00090009101795686                         0000000000000000026700000000002               0127        18031900000000093330000000099N300119000000000000000000000000000000000000000000000000000000000000000231534500000137ARTUR FERREIRA TAVARES JUNIOR ME        RUA MARIA VALDEREZ CONTI 12                         07051140                                                            000004
100000 000000000000 00090009101795686                         0000000000000000027500000000002               0128        15041900000000093330000000099N300119000000000000000000000000000000000000000000000000000000000000000231534500000137ARTUR FERREIRA TAVARES JUNIOR ME        RUA MARIA VALDEREZ CONTI 12                         07051140                                                            000005
100000 000000000000 00090009101795686                         0000000000000000028300000000002               0129        15051900000000093330000000099N300119000000000000000000000000000000000000000000000000000000000000000231534500000137ARTUR FERREIRA TAVARES JUNIOR ME        RUA MARIA VALDEREZ CONTI 12                         07051140                                                            000006
100000 000000000000 00090009101795686                         0000000000000000029100000000002               0130        14061900000000093330000000099N300119000000000000000000000000000000000000000000000000000000000000000231534500000137ARTUR FERREIRA TAVARES JUNIOR ME        RUA MARIA VALDEREZ CONTI 12                         07051140                                                            000007
9                                                                                                                                                                                                                                                                                                                                                                                                         000008
